	%   ****************************************
%   * File: REFERENCES.BIB                 *
%   ****************************************
%   * An invented bib file                 *
%   * For the sample texts                 *
%   * The order is unimportant and there   *
%   * may be more entries than references  *
%   * in the text. Source:                 *
%   * http://tug.ctan.org/tex-archive/macros/latex/contrib/aguplus/sample.bib *
%   ****************************************
% 
@ARTICLE{tidyX,
	AUTHOR = {TidyX},
	TITLE = {TidyX Episode 48 | NBA Game Simulation, purrr, and base R distribution functions},
	YEAR = {2021},
}
@BOOK{kenpom,
	AUTHOR = {kenpom},
	TITLE = {2023 Pomeroy College Basketball Ratings},
	YEAR = {2023},
}
@ARTICLE{wikipedia,
	AUTHOR = {Wikipedia},
	TITLE = {NCAA Division I men's basketball tournament},
	YEAR = {2012-22},
}
@ARTICLE{teamrankings,
	AUTHOR = {TeamRankings},
	TITLE = {NCAA BB Team Points per Game},
	YEAR = {2012-22},
}
@ARTICLE{CBS,
	AUTHOR = {CBS},
	TITLE = {College Basketball Scoreboard},
	YEAR = {2022-23},
}